<record><leader>00000cas a22000007a 4500</leader><controlfield tag="001">23474211</controlfield><controlfield tag="008">910416d18uu19uucouwr ne      0    0eng d</controlfield><datafield ind1=" " ind2=" " tag="010"><subfield code="a">sn 91052517 </subfield></datafield><datafield ind1=" " ind2=" " tag="040"><subfield code="a">CNQ</subfield><subfield code="b">eng</subfield><subfield code="c">CNQ</subfield><subfield code="d">OCLCQ</subfield></datafield><datafield ind1=" " ind2=" " tag="042"><subfield code="a">msc</subfield></datafield><datafield ind1="0" ind2="4" tag="245"><subfield code="a">The Walsenburg yucca.</subfield></datafield><datafield ind1=" " ind2=" " tag="260"><subfield code="a">Walsenburg, Colo. :</subfield><subfield code="b">Victor Jackson</subfield></datafield><datafield ind1=" " ind2=" " tag="300"><subfield code="a">v.</subfield></datafield><datafield ind1=" " ind2=" " tag="310"><subfield code="a">Weekly</subfield></datafield><datafield ind1=" " ind2=" " tag="588"><subfield code="a">Description based on: Vol. 20, no. 12 (Mar. 12, 1903).</subfield></datafield><datafield ind1=" " ind2=" " tag="752"><subfield code="a">United States</subfield><subfield code="b">Colorado</subfield><subfield code="c">Huerfano</subfield><subfield code="d">Walsenburg.</subfield></datafield><datafield ind1="0" ind2="0" tag="780"><subfield code="t">Walsenburg cactus</subfield><subfield code="w">(DLC)sn 91052518</subfield></datafield><datafield ind1="0" ind2="4" tag="785"><subfield code="t">Walsenburg world</subfield><subfield code="w">(DLC)sn 91052233</subfield></datafield></record>